@article{halchuk2014fifth,
  title={Fifth generation seismic hazard model input files as proposed to produce values for the 2015 National Building Code of Canada},
  author={Halchuk, S and Allen, TI and Adams, J and Rogers, GC},
  journal={US Geol. Surv. Canada, Open-File Rept},
  volume={7576},
  year={2014}
}
